<record><leader>00000cas a22000007a 4500</leader><controlfield tag="001">11535505</controlfield><controlfield tag="008">841231d18441844ohuwr ne      0    0eng d</controlfield><datafield ind1=" " ind2=" " tag="010"><subfield code="a">sn 88077541 </subfield></datafield><datafield ind1=" " ind2=" " tag="040"><subfield code="a">MCU</subfield><subfield code="b">eng</subfield><subfield code="c">MCU</subfield><subfield code="d">ONP</subfield><subfield code="d">OCL</subfield><subfield code="d">OCLCQ</subfield><subfield code="d">OCLCF</subfield><subfield code="d">OCLCO</subfield></datafield><datafield ind1=" " ind2=" " tag="042"><subfield code="a">msc</subfield></datafield><datafield ind1=" " ind2=" " tag="043"><subfield code="a">n-us-oh</subfield></datafield><datafield ind1=" " ind2=" " tag="090"><subfield code="a">AN2.M37</subfield><subfield code="b">A73x</subfield></datafield><datafield ind1="0" ind2=" " tag="130"><subfield code="a">Argus (Marysville, Ohio)</subfield></datafield><datafield ind1="1" ind2="4" tag="245"><subfield code="a">The Argus.</subfield></datafield><datafield ind1=" " ind2=" " tag="260"><subfield code="a">Marysville, Ohio :</subfield><subfield code="b">Cole &amp; Lawrence,</subfield><subfield code="c">1844.</subfield></datafield><datafield ind1=" " ind2=" " tag="300"><subfield code="a">1 v.</subfield></datafield><datafield ind1=" " ind2=" " tag="310"><subfield code="a">Weekly</subfield></datafield><datafield ind1="0" ind2=" " tag="362"><subfield code="a">Vol. 1, no. 1 (May 10, 1844)-v. 1, no. 6 (June 15, 1844).</subfield></datafield><datafield ind1=" " ind2=" " tag="500"><subfield code="a">Whig general newspaper.</subfield></datafield><datafield ind1=" " ind2="0" tag="651"><subfield code="a">Marysville (Ohio)</subfield><subfield code="v">Newspapers.</subfield></datafield><datafield ind1=" " ind2="0" tag="651"><subfield code="a">Union County (Ohio)</subfield><subfield code="v">Newspapers.</subfield></datafield><datafield ind1=" " ind2="7" tag="655"><subfield code="a">Newspapers.</subfield><subfield code="2">fast</subfield><subfield code="0">(OCoLC)fst01423814</subfield></datafield><datafield ind1=" " ind2="7" tag="651"><subfield code="a">Ohio</subfield><subfield code="z">Marysville.</subfield><subfield code="2">fast</subfield><subfield code="0">(OCoLC)fst01247595</subfield></datafield><datafield ind1=" " ind2="7" tag="651"><subfield code="a">Ohio</subfield><subfield code="z">Union County.</subfield><subfield code="2">fast</subfield><subfield code="0">(OCoLC)fst01224945</subfield></datafield><datafield ind1=" " ind2=" " tag="752"><subfield code="a">United States</subfield><subfield code="b">Ohio</subfield><subfield code="c">Union</subfield><subfield code="d">Marysville.</subfield></datafield><datafield ind1="0" ind2="0" tag="785"><subfield code="t">Argus, and Union County advertiser</subfield><subfield code="w">(DLC)sn 88077542</subfield><subfield code="w">(OCoLC)18102420</subfield></datafield></record>